<?xml version="1.0" encoding="UTF-8"?><collection xmlns="http://www.loc.gov/MARC21/slim"><record><leader>00409nam--2200133-i-4500</leader><controlfield tag="001">000042459</controlfield><controlfield tag="002">20161230</controlfield><controlfield tag="005">20161230201043</controlfield><controlfield tag="008">060222s1000------------r-----000-0-eng-d</controlfield><datafield ind1=" " ind2=" " tag="080"><subfield code="a">551.510.3:541.11(043)</subfield></datafield><datafield ind1=" " ind2=" " tag="100"><subfield code="a">Speller,Carlos Viana</subfield></datafield><datafield ind1=" " ind2=" " tag="245"><subfield code="a">Agregation d`ions d`azote dans des melanges gazeux faiblement ionises:physico-chimie...these</subfield></datafield><datafield ind1=" " ind2=" " tag="260"><subfield code="a">Orsay, Univ.De Paris-sud, 1983. 162 P</subfield></datafield><datafield ind1=" " ind2=" " tag="852"><subfield code="a">71881</subfield></datafield></record></collection>